<record><leader>00000cas a22000007a 4500</leader><controlfield tag="001">16110199</controlfield><controlfield tag="008">870630d19021929okuwr ne      0    0eng d</controlfield><datafield ind1=" " ind2=" " tag="010"><subfield code="a">sn 87090477 </subfield></datafield><datafield ind1=" " ind2=" " tag="040"><subfield code="a">PPM</subfield><subfield code="b">eng</subfield><subfield code="c">PPM</subfield><subfield code="d">OBN</subfield><subfield code="d">OCLCQ</subfield><subfield code="d">OCLCF</subfield><subfield code="d">OCLCO</subfield></datafield><datafield ind1="1" ind2=" " tag="029"><subfield code="a">AU@</subfield><subfield code="b">000025826498</subfield></datafield><datafield ind1=" " ind2=" " tag="042"><subfield code="a">msc</subfield></datafield><datafield ind1=" " ind2=" " tag="043"><subfield code="a">n-us-ok</subfield></datafield><datafield ind1="0" ind2="0" tag="245"><subfield code="a">Wynnewood new era.</subfield></datafield><datafield ind1="1" ind2="3" tag="246"><subfield code="a">Wynnewood weekly new era</subfield></datafield><datafield ind1="3" ind2=" " tag="246"><subfield code="a">Wynnewood beacon</subfield></datafield><datafield ind1=" " ind2=" " tag="260"><subfield code="a">Wynnewood, Indian Territory [Okla.] :</subfield><subfield code="b">Baslinger &amp; Shackelford</subfield></datafield><datafield ind1=" " ind2=" " tag="310"><subfield code="a">Weekly</subfield></datafield><datafield ind1="0" ind2=" " tag="362"><subfield code="a">-v. 28, no. 15 (Feb. 7, 1929).</subfield></datafield><datafield ind1="1" ind2=" " tag="362"><subfield code="a">Began in 1902.</subfield></datafield><datafield ind1=" " ind2=" " tag="500"><subfield code="a">Published as: Wynnewood beacon, Apr. 23, 1925-Jan 28, 1926.</subfield></datafield><datafield ind1=" " ind2=" " tag="588"><subfield code="a">Description based on: Vol. 1, no. 32 (Feb. 26, 1903).</subfield></datafield><datafield ind1=" " ind2="0" tag="651"><subfield code="a">Wynnewood (Okla.)</subfield><subfield code="v">Newspapers.</subfield></datafield><datafield ind1=" " ind2="0" tag="651"><subfield code="a">Garvin County (Okla.)</subfield><subfield code="v">Newspapers.</subfield></datafield><datafield ind1=" " ind2="0" tag="651"><subfield code="a">Indian Territory</subfield><subfield code="v">Newspapers.</subfield></datafield><datafield ind1=" " ind2="7" tag="655"><subfield code="a">Newspapers.</subfield><subfield code="2">fast</subfield><subfield code="0">(OCoLC)fst01423814</subfield></datafield><datafield ind1=" " ind2="7" tag="651"><subfield code="a">Oklahoma</subfield><subfield code="z">Garvin County.</subfield><subfield code="2">fast</subfield><subfield code="0">(OCoLC)fst01219311</subfield></datafield><datafield ind1=" " ind2="7" tag="651"><subfield code="a">Oklahoma</subfield><subfield code="z">Indian Territory.</subfield><subfield code="2">fast</subfield><subfield code="0">(OCoLC)fst01225150</subfield></datafield><datafield ind1=" " ind2="7" tag="651"><subfield code="a">Oklahoma</subfield><subfield code="z">Wynnewood.</subfield><subfield code="2">fast</subfield><subfield code="0">(OCoLC)fst01220321</subfield></datafield><datafield ind1=" " ind2=" " tag="752"><subfield code="a">United States</subfield><subfield code="b">Oklahoma</subfield><subfield code="c">Garvin</subfield><subfield code="d">Wynnewood.</subfield></datafield><datafield ind1="0" ind2="0" tag="785"><subfield code="t">New era farmer</subfield><subfield code="w">(DLC)sn 97070184</subfield><subfield code="w">(OCoLC)37487888</subfield></datafield></record>